<?xml version="1.0" encoding="utf-8"?>
<record xmlns="http://www.loc.gov/MARC21/slim" xmlns:xsi="http://www.w3.org/2001/XMLSchema-instance" xsi:schemaLocation="http://www.loc.gov/MARC21/slim http://www.loc.gov/standards/marcxml/schema/MARC21slim.xsd">
	<leader>     nam a22     Mi 4500</leader>
	<controlfield tag="001">2794656</controlfield>
	<controlfield tag="003">NjP</controlfield>
	<controlfield tag="006">m        d        </controlfield>
	<controlfield tag="007">cr cn |||m|||a</controlfield>
	<controlfield tag="008">210308m18979999mr      o     000 0 ara d</controlfield>
	<datafield ind1="7" ind2=" " tag="024">
		<subfield code="a">princeton_aco004645</subfield>
		<subfield code="2">local</subfield>
	</datafield>
	<datafield ind1=" " ind2=" " tag="040">
		<subfield code="a">ZYU</subfield>
		<subfield code="b">ara</subfield>
		<subfield code="c">ZYU</subfield>
	</datafield>
	<datafield ind1="1" ind2=" " tag="100">
		<subfield code="a">Ibn Kīrān, Muḥammad al-Ṭayyib ibn ʻAbd al-Majīd,</subfield>
		<subfield code="d">1758 or 1759-1812 or 1813.</subfield>
		<subfield code="0">http://id.loc.gov/authorities/names/nr92028202</subfield>
	</datafield>
	<datafield ind1="1" ind2="0" tag="240">
		<subfield code="a">Ḥāshiyat Ibn Kīrān ʻalá Tawḍīḥ Ibn Hishām ʻalá Alfiyat Ibn Mālik</subfield>
	</datafield>
	<datafield ind1="1" ind2="3" tag="245">
		<subfield code="a">al-Niṣf al-thānī min Ḥāshiyat al-Shaykh al-Imām al-ʻallāmah al-muḥaqqiq al-mudaqqiq al-humām al-mushārī al-shahīr al-ḥāfiẓ al-ḥujjah al-kabīr Abī ʻAbd Allāh Sayyidī Muḥammad al-Ṭayyib ibn ʻAbd al-Majīd ibn Kīrān ʻalá Tawḍīḥ al-ʻAllāmah Ibn Hishām ʻalá Alfiyat al-Imām Ibn Mālik</subfield>
		<subfield code="h">[electronic resource].</subfield>
	</datafield>
	<datafield ind1="3" ind2="0" tag="246">
		<subfield code="a">Ḥāshiyat al-Shaykh al-Imām al-ʻallāmah al-muḥaqqiq al- mudaqqiq al-humām al-mushārī al-shahīr al-ḥāfiẓ al-ḥujjah al-kabīr Abī ʻAbd Allāh Sayyidī Muḥammad al-Ṭayyib ibn ʻAbd al-Majīd ibn Kīrān ʻalá Tawḍīḥ al-ʻAllāmah Ibn Hishām ʻalá Alfiyat al-Imām Ibn Mālik</subfield>
	</datafield>
	<datafield ind1=" " ind2=" " tag="260">
		<subfield code="a">[Morocco :</subfield>
		<subfield code="b">s.n.],</subfield>
		<subfield code="c">1315- [1897- ]</subfield>
	</datafield>
	<datafield ind1=" " ind2=" " tag="300">
		<subfield code="a">online resource (v.)</subfield>
	</datafield>
	<datafield ind1=" " ind2=" " tag="500">
		<subfield code="a">Part of the Arabic Collections Online (ACO) project, contributed by Princeton University Libraries.</subfield>
	</datafield>
	<datafield ind1=" " ind2=" " tag="533">
		<subfield code="a">Electronic reproduction.</subfield>
		<subfield code="b">New York, N.Y. :</subfield>
		<subfield code="c">New York University,</subfield>
		<subfield code="d">2021.</subfield>
		<subfield code="5">NNU</subfield>
	</datafield>
	<datafield ind1="1" ind2="0" tag="600">
		<subfield code="a">Ibn Hishām, ʻAbd Allāh ibn Yūsuf,</subfield>
		<subfield code="d">1309-1360.</subfield>
		<subfield code="t">Tawḍīḥ ʻalá Alfiyat Ibn Mālik.</subfield>
	</datafield>
	<datafield ind1="1" ind2="0" tag="600">
		<subfield code="a">Ibn Mālik, Muḥammad ibn ʻAbd Allāh,</subfield>
		<subfield code="d">d. 1274.</subfield>
		<subfield code="t">Alfiyah.</subfield>
	</datafield>
	<datafield ind1=" " ind2="0" tag="650">
		<subfield code="a">Arabic language</subfield>
		<subfield code="x">Grammar.</subfield>
		<subfield code="0">http://id.loc.gov/authorities/subjects/sh86000279</subfield>
	</datafield>
	<datafield ind1=" " ind2="7" tag="655">
		<subfield code="a">Lithographs</subfield>
		<subfield code="z">Morocco</subfield>
		<subfield code="y">1897</subfield>
		<subfield code="2">gmgpc</subfield>
	</datafield>
	<datafield ind1="2" ind2=" " tag="710">
		<subfield code="a">Princeton University.</subfield>
		<subfield code="b">Library.</subfield>
	</datafield>
	<datafield ind1="0" ind2=" " tag="730">
		<subfield code="a">Arabic Collections Online.</subfield>
	</datafield>
	<datafield ind1="0" ind2="8" tag="776">
		<subfield code="i">Print version:</subfield>
		<subfield code="a">Ibn Kīrān, Muḥammad al-Ṭayyib ibn ʻAbd al-Majīd, 1758 or 1759-1812 or 1813. http://id.loc.gov/authorities/names/nr92028202</subfield>
		<subfield code="t">al-Niṣf al-thānī min Ḥāshiyat al-Shaykh al-Imām al-ʻallāmah al-muḥaqqiq al-mudaqqiq al-humām al-mushārī al-shahīr al-ḥāfiẓ al-ḥujjah al-kabīr Abī ʻAbd Allāh Sayyidī Muḥammad al-Ṭayyib ibn ʻAbd al-Majīd ibn Kīrān ʻalá Tawḍīḥ al-ʻAllāmah Ibn Hishām ʻalá Alfiyat al-Imām Ibn Mālik</subfield>
		<subfield code="w">(NjP)2794656</subfield>
	</datafield>
	<datafield ind1="4" ind2="0" tag="856">
		<subfield code="u">http://hdl.handle.net/2333.1/5qfttr3p</subfield>
	</datafield>
	<datafield ind1=" " ind2=" " tag="948">
		<subfield code="a">jeb</subfield>
	</datafield>
	<datafield ind1=" " ind2=" " tag="911">
		<subfield code="a">20000215</subfield>
	</datafield>
	<datafield ind1=" " ind2=" " tag="912">
		<subfield code="a">20000215041912.0</subfield>
	</datafield>
	<datafield ind1=" " ind2="0" tag="866">
		<subfield code="0">3106153</subfield>
		<subfield code="a">Niṣf.1-2</subfield>
	</datafield>
	<datafield ind1=" " ind2="0" tag="866">
		<subfield code="0">3106153</subfield>
		<subfield code="x">DESIGNATOR: niṣf</subfield>
	</datafield>
	<datafield ind1=" " ind2=" " tag="959">
		<subfield code="a">2000-06-13 00:00:00 -0500</subfield>
	</datafield>
	<datafield ind1=" " ind2=" " tag="959">
		<subfield code="a">NNU</subfield>
		<subfield code="b">WEB</subfield>
		<subfield code="c">GENI</subfield>
		<subfield code="t">0</subfield>
		<subfield code="m">Electronic access</subfield>
		<subfield code="s">01</subfield>
	</datafield>
	<datafield ind1=" " ind2=" " tag="999">
		<subfield code="i">NjP_2794656</subfield>
		<subfield code="s">princeton_aco004645:nisf.1</subfield>
		<subfield code="e">(ERROR-880)(ERROR-MISC)</subfield>
	</datafield>
</record>
